<record><leader>00000cas a22000007a 4500</leader><controlfield tag="001">10256035</controlfield><controlfield tag="008">831229d18611890njuwr ne      0    0eng d</controlfield><datafield ind1=" " ind2=" " tag="010"><subfield code="a">sn 83032335 </subfield></datafield><datafield ind1=" " ind2=" " tag="040"><subfield code="a">NPU</subfield><subfield code="b">eng</subfield><subfield code="c">NPU</subfield><subfield code="d">NPX</subfield><subfield code="d">NPA</subfield><subfield code="d">NJW</subfield><subfield code="d">OCLCQ</subfield></datafield><datafield ind1=" " ind2=" " tag="042"><subfield code="a">msc</subfield></datafield><datafield ind1="0" ind2="4" tag="245"><subfield code="a">The Bergen County Democrat, and New Jersey State register.</subfield></datafield><datafield ind1="3" ind2="0" tag="246"><subfield code="a">Bergen County Democrat</subfield></datafield><datafield ind1="3" ind2="0" tag="246"><subfield code="a">New Jersey State register</subfield></datafield><datafield ind1="3" ind2="0" tag="246"><subfield code="a">Bergen Democrat</subfield></datafield><datafield ind1=" " ind2=" " tag="260"><subfield code="a">Hackensack, N.J. :</subfield><subfield code="b">H.D. Winton,</subfield><subfield code="c">1861-</subfield></datafield><datafield ind1=" " ind2=" " tag="300"><subfield code="a">v. ;</subfield><subfield code="c">72 cm.</subfield></datafield><datafield ind1=" " ind2=" " tag="310"><subfield code="a">Weekly</subfield></datafield><datafield ind1="0" ind2=" " tag="362"><subfield code="a">Vol. 1, no. 13 (Dec. 27, 1861)-</subfield></datafield><datafield ind1="1" ind2=" " tag="362"><subfield code="a">Ceased with Feb. 31 [i.e. 28], 1890 issue.</subfield><subfield code="z">Cf. Wright, W.C. and Stellhorn, P.A. Direct of N.J. newspapers.</subfield></datafield><datafield ind1=" " ind2=" " tag="500"><subfield code="a">Publishers: Burr &amp; Winton, 1861-1862; Eben Winton, 1862-1870; Henry D. Winton, 1870-&lt;1882&gt;.</subfield></datafield><datafield ind1=" " ind2=" " tag="500"><subfield code="a">Editors: Eben Winton, 1861-1870; Henry D. Winton, 1870-&lt;1882&gt;.</subfield></datafield><datafield ind1=" " ind2=" " tag="500"><subfield code="a">"Democratic."</subfield></datafield><datafield ind1=" " ind2=" " tag="515"><subfield code="a">Feb. 28, 1890 issue dated Feb. 31, 1890.</subfield></datafield><datafield ind1=" " ind2=" " tag="530"><subfield code="a">Also issued on microfilm as part of the Civil War newspapers collection.</subfield></datafield><datafield ind1=" " ind2=" " tag="580"><subfield code="a">Continues: Bergen County Democrat, and Rockland County journal (non-extant?).</subfield></datafield><datafield ind1=" " ind2=" " tag="752"><subfield code="a">United States</subfield><subfield code="b">New Jersey</subfield><subfield code="c">Bergen</subfield><subfield code="d">Hackensack.</subfield></datafield><datafield ind1="1" ind2="0" tag="780"><subfield code="t">Bergen County Democrat, and Rockland County journal</subfield></datafield><datafield ind1="0" ind2="0" tag="785"><subfield code="t">Bergen County Democrat (Hackensack, N.J. : 1890)</subfield><subfield code="w">(DLC)sn 87068035</subfield><subfield code="w">(OCoLC)15683095</subfield></datafield><datafield ind1="1" ind2=" " tag="029"><subfield code="a">AU@</subfield><subfield code="b">000025836691</subfield></datafield></record>